@inproceedings{sharma2018data,
  title={Service failure prediction in supply-chain networks},
  author={Sharma, Monika and Glatard, Tristan and G{\'e}linas, {\'E}ric and Tagmouti, Mariam and Jaumard, Brigitte},
  booktitle={2018 IEEE International Conference on Big Data (Big Data)},
  pages={1827--1836},
  year={2018},
  organization={IEEE}
}
@article{zaharia2010spark,
  title={Spark: Cluster computing with working sets.},
  author={Zaharia, Matei and Chowdhury, Mosharaf and Franklin, Michael J and Shenker, Scott and Stoica, Ion},
  journal={HotCloud},
  volume={10},
  number={10-10},
  pages={95},
  year={2010}
}
@Article{Breiman2001,
author="Breiman, Leo",
title="Random Forests",
journal="Machine Learning",
year="2001",
}
@article{Chen2004,
author = {Chen, Chao and Breiman, Leo},
year = {2004},
title = {Using Random Forest to Learn Imbalanced Data},
}
@inproceedings{Davis2006,
 author = {Davis, Jesse and Goadrich, Mark},
 title = {The Relationship Between Precision-Recall and ROC Curves},
 booktitle = {International Conference on Machine Learning},
 year = {2006},
}
@article{Theofilatos2017,
title = "Incorporating real-time traffic and weather data to explore road accident likelihood and severity in urban arterials",
journal = "Journal of Safety Research",
year = "2017",
author = "Athanasios Theofilatos",
}
@article{Abellan2013,
title = "Analysis of traffic accident severity using Decision Rules via Decision Trees",
journal = "Expert Systems with Applications",
year = "2013",
author = "Joaquín Abellán and Griselda López and Juan de Oña",
}
@article{Lin2015,
title = "A novel variable selection method based on frequent pattern tree for real-time traffic accident risk prediction",
journal = "Transportation Research Part C: Emerging Technologies",
volume = "55",
pages = "444 - 459",
year = "2015",
author = "Lei Lin and Qian Wang and Adel W. Sadek",
}
@article{Chang2005,
title = "Data mining of tree-based models to analyze freeway accident frequency",
journal = "Journal of Safety Research",
year = "2005",
author = "Li-Yen Chang and Wen-Chieh Chen",
}
@inproceedings{Yuan2018,
 author = {Yuan, Zhuoning and Zhou, Xun and Yang, Tianbao},
 title = {Hetero-ConvLSTM: A Deep Learning Approach to Traffic Accident Prediction on Heterogeneous Spatio-Temporal Data},
 booktitle = {ACM SIGKDD International Conference on Knowledge Discovery \& Data Mining},
 year = {2018},
 }
 
@inproceedings{Chen2016,
 author = {Chen, Quanjun and Song, Xuan and Yamada, Harutoshi and Shibasaki, Ryosuke},
 title = {Learning Deep Representation from Big and Heterogeneous Data for Traffic Accident Inference},
 booktitle = {AAAI Conference on Artificial Intelligence},
 year = {2016},
}
@article{Woods1993,
    title={Comparative evaluation of pattern recognition techniques for detection of microcalcifications in mammography},
    author={Woods, Kevin S and Doss, Christopher C and Bowyer, Kevin W and Solka, Jeffrey L and Priebe, Carey E and Kegelmeyer Jr, W Philip},
    journal={International Journal of Pattern Recognition and Artificial Intelligence (IJPRAI)},
    year={1993},
}

@inproceedings{louppe2013understanding,
  title={Understanding variable importances in forests of randomized trees},
  author={Louppe, Gilles and Wehenkel, Louis and Sutera, Antonio and Geurts, Pierre},
  booktitle={Advances in neural information processing systems},
  pages={431--439},
  year={2013}
}
@inproceedings{Najjar2017,
    title={Combining Satellite Imagery and Open Data to Map Road Safety},
    author={Alameen Najjar and Shun'ichi Kaneko and Yoshikazu Miyanaga},
    booktitle={Proceedings of the Thirty-First AAAI Conference on Artificial Intelligence (AAAI)},
    year={2017},
    pages = {4524--4530},
}
@inproceedings{Yuan2018,
    author = {Yuan, Zhuoning and Zhou, Xun and Yang, Tianbao},
    title = {Hetero-ConvLSTM: A Deep Learning Approach to Traffic Accident Prediction on Heterogeneous Spatio-Temporal Data},
    booktitle = {Proceedings of the 24th ACM SIGKDD International Conference on Knowledge Discovery \& Data Mining (SIGKDD)},
    year = {2018},
    isbn = {978-1-4503-5552-0},
    location = {London, United Kingdom},
    pages = {984--992},
    numpages = {9},
    url = {http://doi.acm.org/10.1145/3219819.3219922},
    doi = {10.1145/3219819.3219922},
    acmid = {3219922},
    address = {New York, NY, USA},
    keywords = {convolutional lstm, deep learning, spatial heterogeneity, traffic accident prediction},
}